#   FROM PROPOSAL
@inproceedings{zheng2007light,
  title={A light-weight distributed scheme for detecting IP prefix hijacks in real-time},
  author={Zheng, Changxi and Ji, Lusheng and Pei, Dan and Wang, Jia and Francis, Paul},
  booktitle={ACM SIGCOMM Computer Communication Review},
  volume={37},
  number={4},
  pages={277--288},
  year={2007},
  organization={ACM}
}

@inproceedings{hu2007accurate,
  title={Accurate real-time identification of IP prefix hijacking},
  author={Hu, Xin and Mao, Z Morley},
  booktitle={Security and Privacy, 2007. SP'07. IEEE Symposium on},
  pages={3--17},
  year={2007},
  organization={IEEE}
}

@article{vervier2015mind,
  title={Mind Your Blocks: On the Stealthiness of Malicious BGP Hijacks},
  author={Vervier, Pierre-Antoine and Thonnard, Olivier and Dacier, Marc},
  year={2015}
}

@inproceedings{lad2006phas,
  title={PHAS: A Prefix Hijack Alert System.},
  author={Lad, Mohit and Massey, Daniel and Pei, Dan and Wu, Yiguo and Zhang, Beichuan and Zhang, Lixia},
  booktitle={Usenix Security},
  year={2006}
}

@misc{koenders2015response,
    title={Beantwoording Kamervragen over kapen IP-adressen},
    author={Koenders, Bert},
    year={2015},
    howpublished={\url{https://www.rijksoverheid.nl/regering/inhoud/bewindspersonen/bert-koenders/documenten/kamerstukken/2015/08/26/beantwoording-kamervragen-over-kapen-ip-adressen}}}
}

@misc{ripestats,
    title={RIPE Stats},
    howpublished={\url{https://stat.ripe.net/}}
}


#   TOOLING
@misc{openbgpd,
    title = {Open BGPD},
    howpublished = {\url{http://www.openbgpd.org/}},
    note = {Accessed: 2016-01-04}
}

@misc{bgpmon,
    title = {bgpmon.net (BGP monitoring service)},
    howpublished = {\url{http://www.bgpmon.net/}},
    note = {Accessed: 2016-01-25}
}

@misc{bgpmonsaif,
    title = {BGPmon GitHub, Saif El-Sherei},
    howpublished = {\url{https://github.com/ssherei/BGPmon}},
    note = {Accesed: 2016-01-27}
}

@misc{dyn,
    title = {Dyn.com/Renesys (BGP monitoring service)},
    howpublished = {\url{http://dyn.com}},
    note = {Accessed: 2016-01-25}
}

@misc{xorp,
    title = {XORP software router},
    howpublished = {\url{http://www.xorp.org/}},
    note = {Accessed: 2016-01-04}
}

@misc{ipinfusion,
    title = {IPInfusion - ZebOS},
    howpublished = {\url{http://www.ipinfusion.com/about/press/ip-infusion-helps-network-equipment-manufacturers-transition-software-defined-networking}},
    note = {Accessed: 2016-01-04}
}

@misc{quagga,
    title = {Quagga},
    howpublished = {\url{http://www.nongnu.org/quagga/}},
    note = {Accessed: 2016-01-04}
}

@misc{bird,
    title = {BIRD software router},
    howpublished = {\url{http://bird.network.cz/}},
    note = {Accessed: 2016-01-04}
}

@misc{bgptoolsoreilly,
    title = {Extensive list of BGP tools, O'Reilly},
    howpublished = {\url{http://www.bgp4.as/tools}},
    note = {Accessed: 2016-01-04}
}

@misc{exabgp,
    title = {ExaBGP software router},
    howpublished = {\url{https://github.com/Exa-Networks/exabgp}},
    note = {Accessed: 2016-01-04}
}

@misc{bgptools,
    title = {bgptools},
    howpublished = {\url{http://nms.lcs.mit.edu/software/bgp/bgptools/}},
    note = {Accessed: 2016-01-04}
}

@misc{bgpmodeling,
    title = {Modeling of BGP},
    howpublished = {\url{http://inl.info.ucl.ac.be/system/files/emanics-summer-school-talk.pdf}},
    note = {Accessed: 2016-01-04}
}

@misc{maxmindgeoip,
    title = {MaxMind GeoIP},
    howpublished = {\url{http://dev.maxmind.com/}},
    note = {Accessed: 2016-01-07}
}

@misc{routeviews,
    title = {The University of Oregon Route Views},
    howpublished = {\url{http://www.routeviews.org/}},
    note = {Accessed: 2016-01-15}
}

@misc{irr,
    title = {Internet Routing Registry},
    howpublished = {\url{http://www.irr.net/}},
    note = {Accessed: 2016-01-19}
}

@misc{ripeasnallocation,
    title = {RIPE ASN Allocation},
    howpublished = {\url{ftp://ftp.ripe.net/ripe/stats/delegated-ripencc-latest}},
    note = {Accessed: 2016-01-25}
}

@misc{ianaasnallocation,
    title = {IANA ASN Allocation},
    howpublished = {\url{http://www.iana.org/assignments/as-numbers/as-numbers.xml}},
    note = {Accessed: 2016-01-25}
}

@misc{cidrreportasnallocation,
    title = { CIDR Report ASN Allocation },
    howpublished = {\url{http://www.cidr-report.org/as2.0/autnums.html}},
    note = {Accessed: 2016-01-25}
}

@misc{downloadripedb,
    title = { Download RIPE Database },
    howpublished = {\url{https://www.ripe.net/manage-ips-and-asns/db/faq/faq-db/can-i-download-the-ripe-database}},
    note = {Accessed: 2016-01-26}
}

# LITERATURE
@article{murphy2006bgp,
  title={BGP security vulnerabilities analysis},
  author={Murphy, Sandra},
  year={2006}
}

@inproceedings{bgpduplicate,
	title={Investigating occurrence of duplicate updates in BGP announcements},
	author={Park, Jong Han and Jen, Dan and Lad, Mohit and Amante, Shane and McPherson, Danny and Zhang, Lixia},
	booktitle={Passive and Active Measurement},
	pages={11--20},
	year={2010},
	organization={Springer}
}

@misc{ripelabsbgpupdates,
    title={The Shape of a BGP Update},
    howpublished={\url{https://labs.ripe.net/Members/vastur/the-shape-of-a-bgp-update}},
    note={Accessed: 2016-01-14}
}

@misc{rfc6396,
    series =    {Request for Comments},
    number=     6396,
    howpublished=   {IETF RFC 6396},
    publisher = {RFC Editor},
    doi =       {10.17487/rfc6396},
    url =       {https://rfc-editor.org/rfc/rfc6396.txt},
    pagetotal = 33,
    year =      2015,
    month =     oct,
    day =       14,
    abstract =  {This document describes the MRT format for routing information export. This format was developed in concert with the Multi-threaded Routing Toolkit (MRT) from whence the format takes it name. The format can be used to export routing protocol messages, state changes, and routing information base contents. [STANDARDS-TRACK]},
}

@misc{rekhter2006rfc,
    title={RFC 4271: Border gateway protocol 4},
    author={Rekhter, Y and Li, T and Hares, S},
    year={2006},
    publisher={Technical report, IBM, Cisco Systems, 2006. Last checked on May 19th}
}

@misc{irraccuracy,
    title = {How accurate are the Internet Router Registries (IRR)},
    howpublished = {\url{http://www.bgpmon.net/how-accurate-are-the-internet-route-registries-irr/}},
    note = {Accessed: 2016-01-25}
}

@misc{youtubehack,
    title = {YouTube Hijacking: A RIPE NCC RIS case study},
    howpublished = {\url{https://www.ripe.net/publications/news/industry-developments/youtube-hijacking-a-ripe-ncc-ris-case-study}},
    note = {Accessed: 2016-01-25}
}

@misc{routehygiene,
    title = {Route Hygiene: The Dirt on the Internet},
    howpublished = {\url{http://research.dyn.com/2009/03/compliance-scoring-by-country/}},
    note = {Accessed: 2016-01-25}
}

@misc{ipv4report,
    title = {CIDR report, IPv4 prefix report},
    howpublished = {\url{http://www.cidr-report.org/as2.0/}},
    note = {Accessed: 2016-01-26}
}

@misc{ipv6report,
    title = {CIDR report, IPv6 prefix report},
    howpublished = {\url{http://www.cidr-report.org/v6/as2.0/}},
    note = {Accessed: 2016-01-26}
}

@misc{bgpinstabilityreport,
    title = { BGP Instability Report},
    howpublished = {\url{http://bgpupdates.potaroo.net/instability/bgpupd.html}},
    note = {Accessed: 2016-01-26}
}

@misc{plotipv4,
    title = {IPv4 prefix number plot},
    howpublished = {\url{http://www.cidr-report.org/cgi-bin/plota?file=%2fvar%2fdata%2fbgp%2fas2.0%2fbgp-active.txt&descr=Active%20BGP%20entries%20%28FIB%29&ylabel=Active%20BGP%20entries%20%28FIB%29&with=step}},
    note = {Accessed: 2016-01-26}
}

@misc{plotipv6,
    title = { IPv6 prefix number plot},
    howpublished = {\url{http://www.cidr-report.org/cgi-bin/plota?file=%2fvar%2fdata%2fbgp%2fv6%2fas2.0%2fbgp-active.txt&descr=Active%20BGP%20entries%20%28FIB%29&ylabel=Active%20BGP%20entries%20%28FIB%29&with=step}},
    note = {Accessed: 2016-01-26}
}

@inproceedings{zhang2008ispy,
  title={Ispy: detecting ip prefix hijacking on my own},
  author={Zhang, Zheng and Zhang, Ying and Hu, Y Charlie and Mao, Z Morley and Bush, Randy},
  booktitle={ACM SIGCOMM Computer Communication Review},
  volume={38},
  number={4},
  pages={327--338},
  year={2008},
  organization={ACM}
}

@misc{prefixhj,
    title = {Chinese ISP hijacks the internet},
    howpublished = {\url{http://www.bgpmon.net/chinese-isp-hijacked-10-of-the-internet/}},
    note = {Accessed: 2016-01-25}
}

@inproceedings{avramopoulos2006stealth,
  title={Stealth Probing: Efficient Data-Plane Security for IP Routing.},
  author={Avramopoulos, Ioannis C and Rexford, Jennifer},
  booktitle={USENIX Annual Technical Conference, General Track},
  pages={267--272},
  year={2006}
}

@article{biersack2012visual,
  title={Visual analytics for BGP monitoring and prefix hijacking identification},
  author={Biersack, Ernst and Jacquemart, Quentin and Fischer, Fabian and Fuchs, Johannes and Thonnard, Olivier and Theodoridis, Georgios and Tzovaras, Dimitrios and Vervier, Pierre-Antoine},
  journal={Network, IEEE},
  volume={26},
  number={6},
  pages={33--39},
  year={2012},
  publisher={IEEE}
}

@inproceedings{yan2009bgpmon,
  title={BGPmon: A real-time, scalable, extensible monitoring system},
  author={Yan, He and Oliveira, Ricardo and Burnett, Kevin and Matthews, Dave and Zhang, Lixia and Massey, Dan},
  booktitle={Conference For Homeland Security, 2009. CATCH'09. Cybersecurity Applications \& Technology},
  pages={212--223},
  year={2009},
  organization={IEEE}
}

@inproceedings{ballani2007study,
  title={A study of prefix hijacking and interception in the Internet},
  author={Ballani, Hitesh and Francis, Paul and Zhang, Xinyang},
  booktitle={ACM SIGCOMM Computer Communication Review},
  volume={37},
  number={4},
  pages={265--276},
  year={2007},
  organization={ACM}
}

@inproceedings{shi2012detecting,
 author = {Shi, Xingang and Xiang, Yang and Wang, Zhiliang and Yin, Xia and Wu, Jianping},
 title = {Detecting Prefix Hijackings in the Internet with Argus},
 booktitle = {Proceedings of the 2012 ACM Conference on Internet Measurement Conference},
 series = {IMC '12},
 year = {2012},
 isbn = {978-1-4503-1705-4},
 location = {Boston, Massachusetts, USA},
 pages = {15--28},
 numpages = {14},
 url = {http://doi.acm.org/10.1145/2398776.2398779},
 doi = {10.1145/2398776.2398779},
 acmid = {2398779},
 publisher = {ACM},
 address = {New York, NY, USA},
 keywords = {bgp, hijacking detection, prefix hijacking, security},
}

@inproceedings{zhao2001analysis,
  title={An analysis of BGP multiple origin AS (MOAS) conflicts},
  author={Zhao, Xiaoliang and Pei, Dan and Wang, Lan and Massey, Dan and Mankin, Allison and Wu, S Felix and Zhang, Lixia},
  booktitle={Proceedings of the 1st ACM SIGCOMM Workshop on Internet Measurement},
  pages={31--35},
  year={2001},
  organization={ACM}
}

@inproceedings{zhang2007impact,
  title={On the impact of route monitor selection},
  author={Zhang, Ying and Zhang, Zheng and Mao, Zhuoqing Morley and Hu, Charlie and MacDowell Maggs, Bruce},
  booktitle={Proceedings of the 7th ACM SIGCOMM conference on Internet measurement},
  pages={215--220},
  year={2007},
  organization={ACM}
}

@inproceedings{horn2009understanding,
  title={Understanding ip prefix hijacking and its detection},
  author={Horn, Christian},
  booktitle={Seminar internet routing, intelligent networks (INET)},
  year={2009}
}

@inproceedings{huston2006projecting,
  title={Projecting future IPv4 router requirements from trends in dynamic BGP behaviour},
  author={Huston, Geoff and Armitage, Grenville},
  booktitle={Proc. of ATNAC},
  year={2006}
}

@techreport{berkowitz2005terminology,
  title={Terminology for benchmarking bgp device convergence in the control plane},
  author={Berkowitz, H and Davies, E and Hares, S and Krishnaswamy, P and Lepp, M},
  year={2005}
}

@inproceedings{battista2006extractbgp,
 author = {Battista, Giuseppe Di and Refice, Tiziana and Rimondini, Massimo},
 title = {How to Extract BGP Peering Information from the Internet Routing Registry},
 booktitle = {Proceedings of the 2006 SIGCOMM Workshop on Mining Network Data},
 series = {MineNet '06},
 year = {2006},
 isbn = {1-59593-569-X},
 location = {Pisa, Italy},
 pages = {317--322},
 numpages = {6},
 url = {http://doi.acm.org/10.1145/1162678.1162685},
 doi = {10.1145/1162678.1162685},
 acmid = {1162685},
 publisher = {ACM},
 address = {New York, NY, USA},
 keywords = {BGP, RPSL, interdomain routing, internet routing registry, policies},
} 

@article{zhang2005collecting,
  title={Collecting the Internet AS-level topology},
  author={Zhang, Beichuan and Liu, Raymond and Massey, Daniel and Zhang, Lixia},
  journal={ACM SIGCOMM Computer Communication Review},
  volume={35},
  number={1},
  pages={53--61},
  year={2005},
  publisher={ACM}
}

@misc{postgresqlcidr,
    title = {PostgreSQL CIDR datatype},
    howpublished = {\url{http://www.postgresql.org/docs/9.1/static/datatype-net-types.html}},
    note = {Accessed: 2016-01-31},
}

@article{huston2005cidr,
  title={CIDR report},
  author={Huston, Geoff and Bates, T and Smith, P},
  journal={Web site, http://www. cidr-report. org},
  year={2005}
}

@misc{bgpmonio,
    title = {BGPmon.io},
    howpublished = {\url{http://www.bgpmon.io}},
    note = {Accessed: 2016-02-03}
}
