@misc{rfc6349,
  author="B. Constantine and G. Forget and R. Geib and R. Schrage",
  title="{Framework for TCP Throughput Testing}",
  howpublished="RFC 6349 (Informational)",
  series="Internet Request for Comments",
  type="RFC",
  number="6349",
  pages="1--27",
  year=2011,
  month=aug,
  issn="2070-1721",
  publisher="RFC Editor",
  institution="RFC Editor",
  organization="RFC Editor",
  address="Fremont, CA, USA",
  url="https://www.rfc-editor.org/rfc/rfc6349.txt",
  key="RFC 6349",
  abstract={This framework describes a practical methodology for measuring end- to-end TCP Throughput in a managed IP network.  The goal is to provide a better indication in regard to user experience.  In this framework, TCP and IP parameters are specified to optimize TCP Throughput.  This document is not an Internet Standards Track specification; it is published for informational purposes.},
  keywords="metric, TCP testing",
  doi="10.17487/RFC6349",
}

@inproceedings{pktgen,
  title={Pktgen the linux packet generator},
  author={Olsson, Robert},
  booktitle={Proceedings of the Linux Symposium, Ottawa, Canada},
  volume={2},
  pages={11--24},
  year={2005}
}

@inproceedings{harpoon,
  title={Harpoon: a flow-level traffic generator for router and network tests},
  author={Sommers, Joel and Kim, Hyungsuk and Barford, Paul},
  booktitle={ACM SIGMETRICS Performance Evaluation Review},
  volume={32},
  number={1},
  pages={392--392},
  year={2004},
  organization={ACM}
}

@article{iperf,
  title={Iperf: The TCP/UDP bandwidth measurement tool (2005)},
  author={Tirumala, Ajay and Qin, Feng and Dugan, Jon and Ferguson, Jim and Gibbs, Kevin},
  journal={URL: http://iperf. sourceforge. net}
}

